@techreport{bics-bsp-reference-document,
  author      = {BiCS(2021)},
  institution = {University of Luxembourg},
  title       = {Bi{CS} {S}emester {P}rojects {R}eference {D}ocument},
  year        = {2021}
}

@techreport{bics-bsp-report-template,
  author      = {BiCS(2021)},
  institution = {University of Luxembourg, BiCS - Bachelor in Computer Science},
  title       = {Bi{CS} {B}achelor {S}emester {P}roject {R}eport {T}emplate},
  year        = {2021},
  url         = {https://github.com/nicolasguelfi/lu.uni.course.bics.global}
}

@book{torres2014automatic,
  title     = {Automatic text summarization},
  author    = {Torres-Moreno, Juan-Manuel},
  year      = {2014},
  publisher = {John Wiley \& Sons}
}

@inproceedings{mihalcea2004textrank,
  title     = {TextRank: Bringing order into text},
  author    = {Mihalcea, Rada and Tarau, Paul},
  booktitle = {Proceedings of the 2004 conference on empirical methods in natural language processing},
  pages     = {404--411},
  year      = {2004}
}

@article{erkan2004lexrank,
  title   = {LexRank: Graph-based lexical centrality as salience in text summarization},
  author  = {Erkan, G{\"u}nes and Radev, Dragomir R},
  journal = {Journal of artificial intelligence research},
  volume  = {22},
  pages   = {457--479},
  year    = {2004}
}

@techreport{page1999pagerank,
  title       = {The PageRank citation ranking: Bringing order to the web.},
  author      = {Page, Lawrence and Brin, Sergey and Motwani, Rajeev and Winograd, Terry},
  year        = {1999},
  institution = {Stanford InfoLab}
}

@misc{netmarketshare,
  author = {{NetMarketShare}},
  title  = {Browser market share},
  url    = {https://netmarketshare.com/browser-market-share.aspx},
  year   = {2020}
} 

@misc{statcounter,
  author = {{StatCounter Global Stats}},
  url    = {https://gs.statcounter.com/},
  title  = {Stat{C}ounter {G}lobal {S}tats - {B}rowser, {OS}, {S}earch {E}ngine including {M}obile {U}sage {S}hare},
  year   = {2022}
}
