@techreport{bics-bsp-reference-document,
  author      = {BiCS(2021)},
  institution = {University of Luxembourg},
  title       = {Bi{CS} {S}emester {P}rojects {R}eference {D}ocument},
  year        = {2021}
}

@techreport{bics-bsp-report-template,
  author      = {BiCS(2021)},
  institution = {University of Luxembourg, BiCS - Bachelor in Computer Science},
  title       = {Bi{CS} {B}achelor {S}emester {P}roject {R}eport {T}emplate},
  year        = {2021},
  url         = {https://github.com/nicolasguelfi/lu.uni.course.bics.global}
}

@book{torres2014automatic,
  title     = {Automatic text summarization},
  author    = {Torres-Moreno, Juan-Manuel},
  year      = {2014},
  publisher = {John Wiley \& Sons}
}

@inproceedings{mihalcea2004textrank,
  title     = {TextRank: Bringing order into text},
  author    = {Mihalcea, Rada and Tarau, Paul},
  booktitle = {Proceedings of the 2004 conference on empirical methods in natural language processing},
  pages     = {404--411},
  year      = {2004}
}